@article{rokach2016decision,
  title={Decision forest: Twenty years of research},
  author={Rokach, Lior},
  journal={Information Fusion},
  volume={27},
  pages={111--125},
  year={2016},
  publisher={Elsevier}
}


@article{grinsztajn2022tree,
  title={Why do tree-based models still outperform deep learning on typical tabular data?},
  author={Grinsztajn, L{\'e}o and Oyallon, Edouard and Varoquaux, Ga{\"e}l},
  journal={Advances in neural information processing systems},
  volume={35},
  pages={507--520},
  year={2022}
}

@article{LONGO2024102301,
title = {Explainable Artificial Intelligence (XAI) 2.0: A manifesto of open challenges and interdisciplinary research directions},
journal = {Information Fusion},
volume = {106},
pages = {102301},
year = {2024},
issn = {1566-2535},
doi = {https://doi.org/10.1016/j.inffus.2024.102301},
url = {https://www.sciencedirect.com/science/article/pii/S1566253524000794},
author = {Luca Longo and Mario Brcic and Federico Cabitza and Jaesik Choi and Roberto Confalonieri and Javier Del Ser and Riccardo Guidotti and Yoichi Hayashi and Francisco Herrera and Andreas Holzinger and Richard Jiang and Hassan Khosravi and Freddy Lecue and Gianclaudio Malgieri and Andrés Páez and Wojciech Samek and Johannes Schneider and Timo Speith and Simone Stumpf},
keywords = {Explainable artificial intelligence, XAI, Interpretability, Manifesto, Open challenges, Interdisciplinarity, Ethical AI, Large language models, Trustworthy AI, Responsible AI, Generative AI, Multi-faceted explanations, Concept-based explanations, Causality, Actionable XAI, Falsifiability},
}

@inproceedings{arik2021tabnet,
  title={Tabnet: Attentive interpretable tabular learning},
  author={Arik, Sercan {\"O} and Pfister, Tomas},
  booktitle={Proceedings of the AAAI conference on artificial intelligence},
  volume={35},
  number={8},
  pages={6679--6687},
  year={2021}
}

@inproceedings{zeng2018building,
  title={Building more explainable artificial intelligence with argumentation},
  author={Zeng, Zhiwei and Miao, Chunyan and Leung, Cyril and Chin, Jing Jih},
  booktitle={Proceedings of the AAAI Conference on Artificial Intelligence},
  volume={32},
  number={1},
  year={2018}
}

@ARTICLE{87686,
  author={Swartout, W. and Paris, C. and Moore, J.},
  journal={IEEE Expert}, 
  title={Explanations in knowledge systems: design for explainable expert systems}, 
  year={1991},
  volume={6},
  number={3},
  pages={58-64},
  keywords={Knowledge based systems;Expert systems;Medical expert systems;Problem-solving;Terminology;Medical diagnostic imaging;Drugs},
  doi={10.1109/64.87686}}

@ARTICLE{726791,
  author={Lecun, Y. and Bottou, L. and Bengio, Y. and Haffner, P.},
  journal={Proceedings of the IEEE}, 
  title={Gradient-based learning applied to document recognition}, 
  year={1998},
  volume={86},
  number={11},
  pages={2278-2324},
  keywords={Neural networks;Pattern recognition;Machine learning;Optical character recognition software;Character recognition;Feature extraction;Multi-layer neural network;Optical computing;Hidden Markov models;Principal component analysis},
  doi={10.1109/5.726791}}

@article{doi:10.1080/13600834.2019.1573501,
author = {Chris Jay Hoofnagle, Bart van der Sloot and Frederik Zuiderveen Borgesius},
title = {The European Union general data protection regulation: what it is and what it means*},
journal = {Information \& Communications Technology Law},
volume = {28},
number = {1},
pages = {65--98},
year = {2019},
publisher = {Routledge},
doi = {10.1080/13600834.2019.1573501},
URL = { https://doi.org/10.1080/13600834.2019.1573501},
eprint = { https://doi.org/10.1080/13600834.2019.1573501}}


@misc{ DARPA,
  author = {David Gunning},
  title = {Explainable Artificial Intelligence (XAI)},
  year = {2016},
  URL = {https://www.darpa.mil/program/explainable-artificial-intelligence},
}

@online{GDPR2016a,
  date       = {2016-05-04},
  location   = {OJ L 119, 4.5.2016, p. 1--88},
  title      = {Regulation ({EU}) 2016/679 of the {European} {Parliament} and of the {Council}},
  url        = {https://data.europa.eu/eli/reg/2016/679/oj},
  titleaddon = {of 27 {April} 2016 on the protection of natural persons with regard to the processing of personal data and on the free movement of such data, and repealing {Directive} 95/46/{EC} ({General} {Data} {Protection} {Regulation})},
  abstract   = {The General Data Protection Regulation (2016/679, "GDPR") is a Regulation in European Union (EU) law on data protection and privacy in the EU and the European Economic Area (EEA).},
  author     = {{European Parliament} and {Council of the European Union}},
  keywords   = {access consumer data data-processing freedom gdpr information justice law personal privacy protection security verification},
}


@phdthesis{YangCNNInterpretable,
  title={A CNN-based Interpretable Deep Learning Model},
  author={YANG,CHING-FENG and others},
  year={2023},
  school={National Central University},
  type={Master's thesis}
}
